<?xml version="1.0" encoding="UTF-8"?>
<record xmlns="http://www.loc.gov/MARC21/slim" xmlns:xsi="http://www.w3.org/2001/XMLSchema-instance" xsi:schemaLocation="http://www.loc.gov/MARC21/slim http://www.loc.gov/standards/marcxml/schema/MARC21slim.xsd">
<leader>00000cam a22      a 4500</leader>
<controlfield tag="001">001677045</controlfield>
<controlfield tag="003">NNU</controlfield>
<controlfield tag="005">20160226173739.0</controlfield>
<controlfield tag="008">920325s1907    tu            000 0 ara d</controlfield>
<datafield tag="035" ind1=" " ind2=" ">
<subfield code="a">(OCoLC)476965315</subfield>
</datafield>
<datafield tag="040" ind1=" " ind2=" ">
<subfield code="a">NjP</subfield>
<subfield code="b">eng</subfield>
<subfield code="c">N15</subfield>
<subfield code="d">OCLCQ</subfield>
<subfield code="d">OCLCO</subfield>
<subfield code="d">OCLCF</subfield>
<subfield code="d">NNU</subfield>
</datafield>
<datafield tag="050" ind1=" " ind2="4">
<subfield code="a">B753.G33</subfield>
<subfield code="b">K5 1907</subfield>
</datafield>
<datafield tag="100" ind1="1" ind2=" ">
<subfield code="6">880-01</subfield>
<subfield code="a">Khādimī, Muḥammad ibn Muṣṭafá,</subfield>
<subfield code="d">1701 or 1702-1762 or 1763.</subfield>
</datafield>
<datafield tag="245" ind1="1" ind2="0">
<subfield code="6">880-02</subfield>
<subfield code="a">Ayyuhâ ül-veled şerhi /</subfield>
<subfield code="c">Hâdimi.</subfield>
</datafield>
<datafield tag="246" ind1="3" ind2=" ">
<subfield code="6">880-03</subfield>
<subfield code="a">Ayyuhā al-walad</subfield>
</datafield>
<datafield tag="260" ind1=" " ind2=" ">
<subfield code="6">880-04</subfield>
<subfield code="a">İstanbūl :</subfield>
<subfield code="b">Mahmut Bey Matbaası,</subfield>
<subfield code="c">1324 [1907]</subfield>
</datafield>
<datafield tag="300" ind1=" " ind2=" ">
<subfield code="a">136 pages ;</subfield>
<subfield code="c">20 cm</subfield>
</datafield>
<datafield tag="336" ind1=" " ind2=" ">
<subfield code="a">text</subfield>
<subfield code="b">txt</subfield>
<subfield code="2">rdacontent</subfield>
</datafield>
<datafield tag="337" ind1=" " ind2=" ">
<subfield code="a">unmediated</subfield>
<subfield code="b">n</subfield>
<subfield code="2">rdamedia</subfield>
</datafield>
<datafield tag="338" ind1=" " ind2=" ">
<subfield code="a">volume</subfield>
<subfield code="b">nc</subfield>
<subfield code="2">rdacarrier</subfield>
</datafield>
<datafield tag="600" ind1="0" ind2="0">
<subfield code="6">880-05</subfield>
<subfield code="a">Ghazzālī,</subfield>
<subfield code="d">1058-1111.</subfield>
<subfield code="t">Ayyuhā al-walad.</subfield>
</datafield>
<datafield tag="630" ind1="0" ind2="7">
<subfield code="a">Ayyuhā al-walad (Ghazzālī)</subfield>
<subfield code="2">fast</subfield>
<subfield code="0">(OCoLC)fst01368794</subfield>
</datafield>
<datafield tag="776" ind1="0" ind2="8">
<subfield code="i">Online version:</subfield>
<subfield code="a">Khādimī, Muḥammad ibn Muṣṭafá, 1701 or 2-1762 or 3.</subfield>
<subfield code="t">Ayyuhâ ül-veled şerhi.</subfield>
<subfield code="d">İstanbul : Mahmut Bey Matbaası, 1324 [1907]</subfield>
<subfield code="w">(OCoLC)780208596</subfield>
</datafield>
<datafield tag="880" ind1="1" ind2=" ">
<subfield code="6">100-01/</subfield>
<subfield code="a">خادمي، محمد بن مصطفى،</subfield>
<subfield code="d">1701 or 1702-1762 or 1763.</subfield>
</datafield>
<datafield tag="880" ind1="1" ind2="0">
<subfield code="6">245-02/</subfield>
<subfield code="a">ايها الولد شرحي /</subfield>
<subfield code="c">خادمي.</subfield>
</datafield>
<datafield tag="880" ind1="3" ind2=" ">
<subfield code="6">246-03/</subfield>
<subfield code="a">ايها الولد</subfield>
</datafield>
<datafield tag="880" ind1=" " ind2=" ">
<subfield code="6">260-04/</subfield>
<subfield code="a">استانبول :</subfield>
<subfield code="b">محمود بك مطبعه سى¸</subfield>
<subfield code="c">1324 [1907]</subfield>
</datafield>
<datafield tag="880" ind1="0" ind2="0">
<subfield code="6">600-05/</subfield>
<subfield code="a">غزالي،</subfield>
<subfield code="d">1058-1111.</subfield>
<subfield code="t">ايها الولد.</subfield>
</datafield>
<datafield tag="OWN" ind1=" " ind2=" ">
<subfield code="a">GENERAL</subfield>
</datafield>
<datafield tag="AVA" ind1=" " ind2=" ">
<subfield code="a">NYU50</subfield>
<subfield code="b">BOBST</subfield>
<subfield code="c">Main Collection</subfield>
<subfield code="d">B753.G33 K5</subfield>
<subfield code="e">unavailable</subfield>
<subfield code="t">Unavailable</subfield>
<subfield code="f">1</subfield>
<subfield code="g">1</subfield>
<subfield code="h">N</subfield>
<subfield code="i">0</subfield>
<subfield code="j">MAIN</subfield>
<subfield code="k">0</subfield>
</datafield>
</record>
